%% http://gking.harvard.edu/files/natnotes2.pdf
%% http://tex.stackexchange.com/questions/101696/formatting-multiple-references-containing-the-same-author
%% http://tex.stackexchange.com/questions/120722/how-to-modify-a-bibliography-style-to-surround-titles-in-quotes-in-a-bibliograph
\Sort{
  Mode{on}
  Collation{mixed}
  SortTypeOrder{key,name}
  NameOrder{descending}
  Key{{author,editor}}
  KeyOrder{ascending,nulls first}
  StringSort{ascending}
}

 
@Misc{change:plot:font:size,
  year = 2015,
  author = {VÃ­tor Martins},
  title	= "R pairs function - How to change the diagonal values font size?",
  institution =	 {Stack Overflow},
  howpublished = {(Accessed: September 20, 2020)},
note = {\\ {\tiny \url{https://stackoverflow.com/questions/30407332/r-pairs-function-how-to-change-the-diagonal-values-font-size}}}
} 
 

@misc{IRIS:2019 ,
  author = "Dua, Dheeru and Graff, Casey",
  year = "2017",
  title = "{UCI} Machine Learning Repository: Iris Data Set",
  institution = "University of California, Irvine, School of Information and Computer Sciences",
note = {\\ {\tiny \url{https://archive.ics.uci.edu/ml/datasets/iris}}}
}


@Misc{plot:title,
  year = 2019,
  author = {Andrie de Vries and Joris Meys},
  title	= "How to Add Titles and Axis Labels to a Plot in R",
  institution =	 {dummies.com},
  howpublished = {(Accessed: September 20, 2020)},
note = {\\ {\tiny \url{https://www.dummies.com/programming/r/how-to-add-titles-and-axis-labels-to-a-plot-in-r/}}}
}


@Misc{PCH:R,
  year = 2019,
  author = {Alboukadel Kassambra},
  title	= "PCH in R Best Tips",
  institution =	 {Datanovia},
  howpublished = {(Accessed: September 20, 2020)},
note = {\\ {\tiny \url{https://www.datanovia.com/en/blog/pch-in-r-best-tips/}}}
}


@Misc{sort:date,
  year = 2011,
  author = {I82Much},
  title	= "How to sort a data frame by date",
  institution =	 {Stack Overflow},
  howpublished = {(Accessed: September 20, 2020)},
note = {\\ {\tiny \url{https://stackoverflow.com/questions/6246159/how-to-sort-a-data-frame-by-date}}}
}


@Misc{remove:duplicates,
  year = 2018,
  author = {Alboukadel Kassambra},
  title	= "Identify and Remove Duplicate Data in R",
  institution =	 {Datanovia},
  howpublished = {(Accessed: September 20, 2020)},
note = {\\ {\tiny \url{https://www.datanovia.com/en/lessons/identify-and-remove-duplicate-data-in-r/}}}
}


@Misc{Rmarkdown:Latex:Templates,
  year = 2020,
  author = {Steven V. Miller},
  title	= "svm-r-markdown-templates",
  institution =	 {Github},
  howpublished = {(Accessed: September 6, 2020)},
note = {\\ {\tiny \url{https://github.com/svmiller/svm-r-markdown-templates}}}
}



@book{Gladwell:2008, 
	title={Outliers: The Story Of Success}, 
	author={Gladwell, Malcolm}, 
	year={2008}, 
	publisher={Back Bay Books: Little, Brown}
	}
	
	



% this is a key that must be unique in your reference list ...
% Google scholar may not get it correct ...

@PHDTHESIS{Shaffer:2011, 
   AUTHOR = {Monte J. Shaffer},
   TITLE = {{Entrepreneurial Innovation:  Patent Rank and Marketing Science}},
   SCHOOL = {{Washington State University}},
   YEAR = {2011},
   TYPE = {Dissertation}
}


@article{Dasgupta:2012,
  title={Many-to-one comparison of nonlinear growth curves for Washington's Red Delicious apple},
  author={Dasgupta, Nairanjana and Shaffer, Monte J},
  journal={Journal of Applied Statistics},
  volume={39},
  number={8},
  pages={1781--1795},
  year={2012},
  publisher={Taylor and Francis}
}


@book{White:1984,
  title={Asymptotic Theory For Econometricians},
  author={White, Halbert},
  year={1984},
  publisher={San Diego: Academic Press}
}

@INCOLLECTION{Gruber:2006,
	title={Which Way Is Up? A Developmental Question}, 
	author={Gruber, Howard E.}, 
  editor = {{Gruber, Howard E. and B{\"o}deker, Katja}},
  booktitle = {{Creativity, Psychology and the History of Science}},
  publisher={Springer Science \& Business Media},
  year = 2006
}


@Misc{Wikipedia:Cetus,
  year = 2010,
  author = {{Wikipedia, Cetus}},
  title	= {{Page Rank}},
  institution =	 {{Wikipedia Foundation}},
  howpublished = {(Accessed: October 10, 2010)},
note = {\\ {\tiny \url{http://en.wikipedia.org/wiki/Cetus\_Corporation}}}
}

@Misc{Wikipedia:Cetus2,
  year = 2010,
  author = {{Wikipedia, Cetus}},
  title	= {{Page Rank}},
  institution =	 {{Wikipedia Foundation}},
  howpublished = {(Accessed: October 10, 2010)},
note = {\\ {\tiny \url{https://bit.ly/3bBnrKF}}}
}
	
	





